@preamble{ " \newcommand{\noop}[1]{} " }

@inproceedings{wadler2012,
 author    = {Wadler, Philip},
 title     = {Propositions As Sessions},
 booktitle = {Proceedings of the 17th ACM SIGPLAN International Conference on Functional Programming},
 series    = {ICFP '12},
 year      = {2012},
 isbn      = {978-1-4503-1054-3},
 location  = {Copenhagen, Denmark},
 pages     = {273--286},
 numpages  = {14},
 url       = {http://doi.acm.org/10.1145/2364527.2364568},
 doi       = {10.1145/2364527.2364568},
 acmid     = {2364568},
 publisher = {ACM},
 address   = {New York, NY, USA},
 keywords  = {lambda calculus, linear logic, pi calculus},
}

@inproceedings{lindley2016,
 author    = {Lindley, Sam and Morris, J. Garrett},
 title     = {Talking Bananas: Structural Recursion for Session Types},
 booktitle = {Proceedings of the 21st ACM SIGPLAN International Conference on Functional Programming},
 series    = {ICFP 2016},
 year      = {2016},
 isbn      = {978-1-4503-4219-3},
 location  = {Nara, Japan},
 pages     = {434--447},
 numpages  = {14},
 url       = {http://doi.acm.org/10.1145/2951913.2951921},
 doi       = {10.1145/2951913.2951921},
 acmid     = {2951921},
 publisher = {ACM},
 address   = {New York, NY, USA},
 keywords  = {Session types, recursion},
} 

@inbook{caires2010,
 author    = {Caires, Lu{\'i}s and Pfenning, Frank},
 title     = {Session Types as Intuitionistic Linear Propositions},
 booktitle = {CONCUR 2010 - Concurrency Theory: 21th International Conference, CONCUR 2010, Paris, France, August 31-September 3, 2010. Proceedings},
 year      = {2010},
 publisher = {Springer Berlin Heidelberg},
 address   = {Berlin, Heidelberg},
 pages     = {222--236},
 isbn      = {978-3-642-15375-4},
 doi       = {10.1007/978-3-642-15375-4_16},
 url       = {http://dx.doi.org/10.1007/978-3-642-15375-4_16}
}

@inproceedings{atkey2016,
 title     = {Conflation Confers Concurrency},
 author    = {Robert Atkey and Sam Lindley and J. Garrett Morris},
 year      = {2016},
 doi       = {10.1007/978-3-319-30936-1_2},
 url       = {http://dx.doi.org/10.1007/978-3-319-30936-1_2},
 booktitle = {A List of Successes That Can Change the World: Essays Dedicated to Philip Wadler on the Occasion of His 60th Birthday},
 series    = {Lecture Notes in Computer Science},
 editor    = {Lindley, Sam and McBride, Conor and Trinder, Phil and Sannella, Don}
}

@inproceedings{caires2014,
 author    = {Caires, Lu{\'i}s},
 editor    = {Abadi, Martin and Gardner, Philippa and Gordon, Andy and Mardare, Radu},
 title     = {Types and Logic, Concurrency and Non-Determinism},
 booktitle = {Essays for the Luca Cardelli Fest},
 year      = {2014},
 month     = {September},
 publisher = {Microsoft Research},
 url       = {https://www.microsoft.com/en-us/research/publication/essays-for-the-luca-cardelli-fest/},
}

@inproceedings{caires2017,
 author    = {Caires, Lu{\'i}s and P{\'e}rez, Jorge A.},
 title     = {Linearity, Control Effects, and Behavioral Types},
 booktitle = {Programming Languages and Systems - 26th European Symposium on Programming, {ESOP} 2017, Held as Part of the European Joint Conferences on Theory and Practice of Software, {ETAPS} 2017,  Uppsala, Sweden, April 22-29, 2017, Proceedings},
 year      = {\noop{2017}Submitted},
 month     = {April},
 publisher = {Springer},
}